@article{jiang1995multiple,
  title={Multiple trait analysis of genetic mapping for quantitative trait loci.},
  author={Jiang, Changjian and Zeng, Zhao-Bang},
  journal={Genetics},
  volume={140},
  number={3},
  pages={1111--1127},
  year={1995},
  publisher={Genetics Soc America}
}

@Manual{boehm2016pleiotropy,
    title = {pleiotropy: Performs likelihood ratio test to distinguish pleiotropy from linkage},
    author = {Fred Boehm},
    note = {R package version 0.1.0},
    year = {2016},
    url = {https://github.com/fboehm/pleiotropy}
    
  }

@Manual{tian2015qtlpvl,
    title = {qtlpvl: Test of Pleiotropy vs. Close Linkage of QTL},
    author = {Jianan Tian and Karl Broman},
    year = {2015},
    note = {R package version 0.1-2},
  }
  
@article{tian2016dissection,
  title={The dissection of expression quantitative trait locus hotspots},
  author={Tian, Jianan and Keller, Mark P and Broman, Aimee Teo and Kendziorski, Christina and Yandell, Brian S and Attie, Alan D and Broman, Karl W},
  journal={Genetics},
  volume={202},
  number={4},
  pages={1563--1574},
  year={2016},
  publisher={Genetics Soc America}
}

 @article{churchill2012diversity,
  title={The diversity outbred mouse population},
  author={Churchill, Gary A and Gatti, Daniel M and Munger, Steven C and Svenson, Karen L},
  journal={Mammalian genome},
  volume={23},
  number={9-10},
  pages={713--718},
  year={2012},
  publisher={Springer}
} 
  